% BibTeX entries for MetaPost doc, by John Hobby.  Public domain.

@string{dcg = "Discrete and Computational Geometry"}

@book{kn:a,
	author = "D. E. Knuth",
	note = "Volume A of {\it Computers and Typesetting}",
	title = "The {\TeX}book",
	publisher = "Addison Wesley",
	address = "Reading, Massachusetts",
	year = 1986
}
@book{kn:c,
	author = "D. E. Knuth",
	note = "Volume C of {\it Computers and Typesetting}",
	title = "The {\MF}book",
	publisher = "Addison Wesley",
	address = "Reading, Massachusetts",
	year = 1986
}
@article{kn:mf3,
	author = "D. E. Knuth",
	title = "The New Versions of {\TeX} and {\MF}",
	journal = "{TUG}boat, the\/ {\TeX} User's Group Newsletter",
	volume = 10,
	number = 3,
	pages = "325--328",
	month = nov,
	year = 1989
}
@book{kn:e,
	author = "D. E. Knuth",
	note = "Volume E of {\it Computers and Typesetting}",
	title = "Computer Modern Typefaces",
	publisher = "Addison Wesley",
	address = "Reading, Massachusetts",
	year = 1986
}
@book{ad:red,
	author = "{Adobe Systems Inc.}",
	title = "{P}ost{S}cript Language Reference Manual",
	publisher = "Addison Wesley",
	address = "Reading, Massachusetts",
	year = 1986
}
@book{ad:red2,
	author = "{Adobe Systems Inc.}",
	title = "{P}ost{S}cript Language Reference Manual",
	publisher = "Addison Wesley",
	address = "Reading, Massachusetts",
	edition = "second",
	year = 1990
}
@article{ho:mp1,
	author = "J. D. Hobby",
	title = "A {\MF}-like System with {P}ost{S}cript Output",
	journal = "{TUG}boat, the\/ {\TeX} User's Group Newsletter",
	volume = 10,
	number = 4,
	pages = "505--512",
	month = dec,
	year = 1989
}
@article{ho:splin,
	key = "Hobby",
	author = "J. D. Hobby",
	title = "Smooth, Easy to Compute Interpolating Splines",
	journal = dcg,
	volume = 1,
	number = 2,
	pagest = "123--140",
	year = 1986
}
